%YAML 1.1
%TAG !u! tag:unity3d.com,2011:
--- !u!29 &1
SceneSettings:
  m_ObjectHideFlags: 0
  m_PVSData: 
  m_PVSObjectsArray: []
  m_PVSPortalsArray: []
  m_OcclusionBakeSettings:
    smallestOccluder: 5
    smallestHole: .25
    backfaceThreshold: 100
--- !u!104 &2
RenderSettings:
  m_ObjectHideFlags: 0
  serializedVersion: 6
  m_Fog: 0
  m_FogColor: {r: .5, g: .5, b: .5, a: 1}
  m_FogMode: 3
  m_FogDensity: .00999999978
  m_LinearFogStart: 0
  m_LinearFogEnd: 300
  m_AmbientSkyColor: {r: .200000003, g: .200000003, b: .200000003, a: 1}
  m_AmbientEquatorColor: {r: .200000003, g: .200000003, b: .200000003, a: 1}
  m_AmbientGroundColor: {r: .200000003, g: .200000003, b: .200000003, a: 1}
  m_AmbientIntensity: 1
  m_AmbientMode: 3
  m_SkyboxMaterial: {fileID: 0}
  m_HaloStrength: .5
  m_FlareStrength: 1
  m_FlareFadeSpeed: 3
  m_HaloTexture: {fileID: 0}
  m_SpotCookie: {fileID: 10001, guid: 0000000000000000e000000000000000, type: 0}
  m_DefaultReflectionMode: 0
  m_DefaultReflectionResolution: 128
  m_ReflectionBounces: 1
  m_ReflectionIntensity: 1
  m_CustomReflection: {fileID: 0}
  m_Sun: {fileID: 0}
--- !u!157 &4
LightmapSettings:
  m_ObjectHideFlags: 0
  serializedVersion: 5
  m_GIWorkflowMode: 1
  m_LightmapsMode: 1
  m_GISettings:
    serializedVersion: 2
    m_BounceScale: 1
    m_IndirectOutputScale: 1
    m_AlbedoBoost: 1
    m_TemporalCoherenceThreshold: 1
    m_EnvironmentLightingMode: 0
    m_EnableBakedLightmaps: 1
    m_EnableRealtimeLightmaps: 0
  m_LightmapEditorSettings:
    serializedVersion: 3
    m_Resolution: 1
    m_BakeResolution: 50
    m_TextureWidth: 1024
    m_TextureHeight: 1024
    m_AOMaxDistance: 1
    m_Padding: 2
    m_CompAOExponent: 0
    m_LightmapParameters: {fileID: 0}
    m_TextureCompression: 0
    m_FinalGather: 0
    m_FinalGatherRayCount: 1024
    m_ReflectionCompression: 2
  m_LightmapSnapshot: {fileID: 0}
  m_RuntimeCPUUsage: 25
--- !u!196 &5
NavMeshSettings:
  serializedVersion: 2
  m_ObjectHideFlags: 0
  m_BuildSettings:
    serializedVersion: 2
    agentRadius: .5
    agentHeight: 2
    agentSlope: 45
    agentClimb: .400000006
    ledgeDropHeight: 0
    maxJumpAcrossDistance: 0
    accuratePlacement: 0
    minRegionArea: 2
    cellSize: .166666657
    manualCellSize: 0
  m_NavMeshData: {fileID: 0}
--- !u!1001 &25160088
Prefab:
  m_ObjectHideFlags: 0
  serializedVersion: 2
  m_Modification:
    m_TransformParent: {fileID: 0}
    m_Modifications:
    - target: {fileID: 400016, guid: fa2610561a144d644b01a4169cb3611a, type: 2}
      propertyPath: m_LocalPosition.x
      value: 0
      objectReference: {fileID: 0}
    - target: {fileID: 400016, guid: fa2610561a144d644b01a4169cb3611a, type: 2}
      propertyPath: m_LocalPosition.y
      value: 0
      objectReference: {fileID: 0}
    - target: {fileID: 400016, guid: fa2610561a144d644b01a4169cb3611a, type: 2}
      propertyPath: m_LocalPosition.z
      value: 0
      objectReference: {fileID: 0}
    - target: {fileID: 400016, guid: fa2610561a144d644b01a4169cb3611a, type: 2}
      propertyPath: m_LocalRotation.x
      value: 0
      objectReference: {fileID: 0}
    - target: {fileID: 400016, guid: fa2610561a144d644b01a4169cb3611a, type: 2}
      propertyPath: m_LocalRotation.y
      value: 0
      objectReference: {fileID: 0}
    - target: {fileID: 400016, guid: fa2610561a144d644b01a4169cb3611a, type: 2}
      propertyPath: m_LocalRotation.z
      value: 0
      objectReference: {fileID: 0}
    - target: {fileID: 400016, guid: fa2610561a144d644b01a4169cb3611a, type: 2}
      propertyPath: m_LocalRotation.w
      value: 1
      objectReference: {fileID: 0}
    - target: {fileID: 400016, guid: fa2610561a144d644b01a4169cb3611a, type: 2}
      propertyPath: m_RootOrder
      value: 0
      objectReference: {fileID: 0}
    - target: {fileID: 400000, guid: fa2610561a144d644b01a4169cb3611a, type: 2}
      propertyPath: m_LocalPosition.x
      value: 0
      objectReference: {fileID: 0}
    - target: {fileID: 400000, guid: fa2610561a144d644b01a4169cb3611a, type: 2}
      propertyPath: m_LocalPosition.y
      value: 85.0999985
      objectReference: {fileID: 0}
    - target: {fileID: 400000, guid: fa2610561a144d644b01a4169cb3611a, type: 2}
      propertyPath: m_LocalPosition.z
      value: 5000
      objectReference: {fileID: 0}
    - target: {fileID: 400002, guid: fa2610561a144d644b01a4169cb3611a, type: 2}
      propertyPath: m_LocalPosition.x
      value: 0
      objectReference: {fileID: 0}
    - target: {fileID: 400002, guid: fa2610561a144d644b01a4169cb3611a, type: 2}
      propertyPath: m_LocalPosition.y
      value: 70.0999985
      objectReference: {fileID: 0}
    - target: {fileID: 400002, guid: fa2610561a144d644b01a4169cb3611a, type: 2}
      propertyPath: m_LocalPosition.z
      value: 5000
      objectReference: {fileID: 0}
    - target: {fileID: 400004, guid: fa2610561a144d644b01a4169cb3611a, type: 2}
      propertyPath: m_LocalPosition.x
      value: 0
      objectReference: {fileID: 0}
    - target: {fileID: 400004, guid: fa2610561a144d644b01a4169cb3611a, type: 2}
      propertyPath: m_LocalPosition.y
      value: 55.0999985
      objectReference: {fileID: 0}
    - target: {fileID: 400004, guid: fa2610561a144d644b01a4169cb3611a, type: 2}
      propertyPath: m_LocalPosition.z
      value: 5000
      objectReference: {fileID: 0}
    - target: {fileID: 400006, guid: fa2610561a144d644b01a4169cb3611a, type: 2}
      propertyPath: m_LocalPosition.x
      value: 0
      objectReference: {fileID: 0}
    - target: {fileID: 400006, guid: fa2610561a144d644b01a4169cb3611a, type: 2}
      propertyPath: m_LocalPosition.y
      value: 40.0999985
      objectReference: {fileID: 0}
    - target: {fileID: 400006, guid: fa2610561a144d644b01a4169cb3611a, type: 2}
      propertyPath: m_LocalPosition.z
      value: 5000
      objectReference: {fileID: 0}
    - target: {fileID: 400008, guid: fa2610561a144d644b01a4169cb3611a, type: 2}
      propertyPath: m_LocalPosition.x
      value: 0
      objectReference: {fileID: 0}
    - target: {fileID: 400008, guid: fa2610561a144d644b01a4169cb3611a, type: 2}
      propertyPath: m_LocalPosition.y
      value: 25.1000004
      objectReference: {fileID: 0}
    - target: {fileID: 400008, guid: fa2610561a144d644b01a4169cb3611a, type: 2}
      propertyPath: m_LocalPosition.z
      value: 5000
      objectReference: {fileID: 0}
    - target: {fileID: 400010, guid: fa2610561a144d644b01a4169cb3611a, type: 2}
      propertyPath: m_LocalPosition.x
      value: 0
      objectReference: {fileID: 0}
    - target: {fileID: 400010, guid: fa2610561a144d644b01a4169cb3611a, type: 2}
      propertyPath: m_LocalPosition.y
      value: 10.1000004
      objectReference: {fileID: 0}
    - target: {fileID: 400010, guid: fa2610561a144d644b01a4169cb3611a, type: 2}
      propertyPath: m_LocalPosition.z
      value: 5000
      objectReference: {fileID: 0}
    - target: {fileID: 400012, guid: fa2610561a144d644b01a4169cb3611a, type: 2}
      propertyPath: m_LocalPosition.x
      value: 0
      objectReference: {fileID: 0}
    - target: {fileID: 400012, guid: fa2610561a144d644b01a4169cb3611a, type: 2}
      propertyPath: m_LocalPosition.y
      value: 17.6000004
      objectReference: {fileID: 0}
    - target: {fileID: 400012, guid: fa2610561a144d644b01a4169cb3611a, type: 2}
      propertyPath: m_LocalPosition.z
      value: 5000
      objectReference: {fileID: 0}
    - target: {fileID: 400012, guid: fa2610561a144d644b01a4169cb3611a, type: 2}
      propertyPath: m_LocalScale.z
      value: 1
      objectReference: {fileID: 0}
    - target: {fileID: 6100006, guid: fa2610561a144d644b01a4169cb3611a, type: 2}
      propertyPath: m_IsTrigger
      value: 1
      objectReference: {fileID: 0}
    - target: {fileID: 6100002, guid: fa2610561a144d644b01a4169cb3611a, type: 2}
      propertyPath: m_IsTrigger
      value: 1
      objectReference: {fileID: 0}
    - target: {fileID: 6100008, guid: fa2610561a144d644b01a4169cb3611a, type: 2}
      propertyPath: m_IsTrigger
      value: 1
      objectReference: {fileID: 0}
    - target: {fileID: 6100000, guid: fa2610561a144d644b01a4169cb3611a, type: 2}
      propertyPath: m_IsTrigger
      value: 1
      objectReference: {fileID: 0}
    - target: {fileID: 6100004, guid: fa2610561a144d644b01a4169cb3611a, type: 2}
      propertyPath: m_IsTrigger
      value: 1
      objectReference: {fileID: 0}
    - target: {fileID: 6100010, guid: fa2610561a144d644b01a4169cb3611a, type: 2}
      propertyPath: m_IsTrigger
      value: 1
      objectReference: {fileID: 0}
    - target: {fileID: 100014, guid: fa2610561a144d644b01a4169cb3611a, type: 2}
      propertyPath: m_IsActive
      value: 1
      objectReference: {fileID: 0}
    - target: {fileID: 100012, guid: fa2610561a144d644b01a4169cb3611a, type: 2}
      propertyPath: m_IsActive
      value: 1
      objectReference: {fileID: 0}
    - target: {fileID: 11400016, guid: fa2610561a144d644b01a4169cb3611a, type: 2}
      propertyPath: isVisible
      value: 1
      objectReference: {fileID: 0}
    - target: {fileID: 11400016, guid: fa2610561a144d644b01a4169cb3611a, type: 2}
      propertyPath: isEditorGuide
      value: 0
      objectReference: {fileID: 0}
    - target: {fileID: 400012, guid: fa2610561a144d644b01a4169cb3611a, type: 2}
      propertyPath: m_LocalScale.x
      value: 1
      objectReference: {fileID: 0}
    - target: {fileID: 400010, guid: fa2610561a144d644b01a4169cb3611a, type: 2}
      propertyPath: m_LocalScale.x
      value: 1
      objectReference: {fileID: 0}
    - target: {fileID: 400008, guid: fa2610561a144d644b01a4169cb3611a, type: 2}
      propertyPath: m_LocalScale.x
      value: 1
      objectReference: {fileID: 0}
    - target: {fileID: 400006, guid: fa2610561a144d644b01a4169cb3611a, type: 2}
      propertyPath: m_LocalScale.x
      value: 1
      objectReference: {fileID: 0}
    - target: {fileID: 400004, guid: fa2610561a144d644b01a4169cb3611a, type: 2}
      propertyPath: m_LocalScale.x
      value: 1
      objectReference: {fileID: 0}
    - target: {fileID: 400002, guid: fa2610561a144d644b01a4169cb3611a, type: 2}
      propertyPath: m_LocalScale.x
      value: 1
      objectReference: {fileID: 0}
    - target: {fileID: 400000, guid: fa2610561a144d644b01a4169cb3611a, type: 2}
      propertyPath: m_LocalScale.x
      value: 1
      objectReference: {fileID: 0}
    - target: {fileID: 11400016, guid: fa2610561a144d644b01a4169cb3611a, type: 2}
      propertyPath: startY
      value: 10.1000004
      objectReference: {fileID: 0}
    - target: {fileID: 11400016, guid: fa2610561a144d644b01a4169cb3611a, type: 2}
      propertyPath: distanceThreshold
      value: .150000006
      objectReference: {fileID: 0}
    - target: {fileID: 400012, guid: fa2610561a144d644b01a4169cb3611a, type: 2}
      propertyPath: m_LocalScale.y
      value: .150000006
      objectReference: {fileID: 0}
    - target: {fileID: 11400016, guid: fa2610561a144d644b01a4169cb3611a, type: 2}
      propertyPath: cameraOffsetY
      value: 8
      objectReference: {fileID: 0}
    - target: {fileID: 21200000, guid: fa2610561a144d644b01a4169cb3611a, type: 2}
      propertyPath: m_Color.r
      value: 0
      objectReference: {fileID: 0}
    - target: {fileID: 21200000, guid: fa2610561a144d644b01a4169cb3611a, type: 2}
      propertyPath: m_Color.g
      value: .800000012
      objectReference: {fileID: 0}
    - target: {fileID: 21200000, guid: fa2610561a144d644b01a4169cb3611a, type: 2}
      propertyPath: m_Color.b
      value: .800000012
      objectReference: {fileID: 0}
    - target: {fileID: 21200000, guid: fa2610561a144d644b01a4169cb3611a, type: 2}
      propertyPath: m_Color.a
      value: .800000012
      objectReference: {fileID: 0}
    - target: {fileID: 21200006, guid: fa2610561a144d644b01a4169cb3611a, type: 2}
      propertyPath: m_Color.r
      value: 0
      objectReference: {fileID: 0}
    - target: {fileID: 21200006, guid: fa2610561a144d644b01a4169cb3611a, type: 2}
      propertyPath: m_Color.g
      value: .800000012
      objectReference: {fileID: 0}
    - target: {fileID: 21200006, guid: fa2610561a144d644b01a4169cb3611a, type: 2}
      propertyPath: m_Color.b
      value: .800000012
      objectReference: {fileID: 0}
    - target: {fileID: 21200006, guid: fa2610561a144d644b01a4169cb3611a, type: 2}
      propertyPath: m_Color.a
      value: .800000012
      objectReference: {fileID: 0}
    - target: {fileID: 21200008, guid: fa2610561a144d644b01a4169cb3611a, type: 2}
      propertyPath: m_Color.r
      value: 0
      objectReference: {fileID: 0}
    - target: {fileID: 21200008, guid: fa2610561a144d644b01a4169cb3611a, type: 2}
      propertyPath: m_Color.g
      value: .800000012
      objectReference: {fileID: 0}
    - target: {fileID: 21200008, guid: fa2610561a144d644b01a4169cb3611a, type: 2}
      propertyPath: m_Color.b
      value: .800000012
      objectReference: {fileID: 0}
    - target: {fileID: 21200008, guid: fa2610561a144d644b01a4169cb3611a, type: 2}
      propertyPath: m_Color.a
      value: .800000012
      objectReference: {fileID: 0}
    - target: {fileID: 21200002, guid: fa2610561a144d644b01a4169cb3611a, type: 2}
      propertyPath: m_Color.r
      value: 0
      objectReference: {fileID: 0}
    - target: {fileID: 21200002, guid: fa2610561a144d644b01a4169cb3611a, type: 2}
      propertyPath: m_Color.g
      value: .800000012
      objectReference: {fileID: 0}
    - target: {fileID: 21200002, guid: fa2610561a144d644b01a4169cb3611a, type: 2}
      propertyPath: m_Color.b
      value: .800000012
      objectReference: {fileID: 0}
    - target: {fileID: 21200002, guid: fa2610561a144d644b01a4169cb3611a, type: 2}
      propertyPath: m_Color.a
      value: .800000012
      objectReference: {fileID: 0}
    - target: {fileID: 21200010, guid: fa2610561a144d644b01a4169cb3611a, type: 2}
      propertyPath: m_Color.r
      value: 0
      objectReference: {fileID: 0}
    - target: {fileID: 21200010, guid: fa2610561a144d644b01a4169cb3611a, type: 2}
      propertyPath: m_Color.g
      value: .800000012
      objectReference: {fileID: 0}
    - target: {fileID: 21200010, guid: fa2610561a144d644b01a4169cb3611a, type: 2}
      propertyPath: m_Color.b
      value: .800000012
      objectReference: {fileID: 0}
    - target: {fileID: 21200010, guid: fa2610561a144d644b01a4169cb3611a, type: 2}
      propertyPath: m_Color.a
      value: .800000012
      objectReference: {fileID: 0}
    - target: {fileID: 21200004, guid: fa2610561a144d644b01a4169cb3611a, type: 2}
      propertyPath: m_Color.r
      value: 0
      objectReference: {fileID: 0}
    - target: {fileID: 21200004, guid: fa2610561a144d644b01a4169cb3611a, type: 2}
      propertyPath: m_Color.g
      value: .800000012
      objectReference: {fileID: 0}
    - target: {fileID: 21200004, guid: fa2610561a144d644b01a4169cb3611a, type: 2}
      propertyPath: m_Color.b
      value: .800000012
      objectReference: {fileID: 0}
    - target: {fileID: 21200004, guid: fa2610561a144d644b01a4169cb3611a, type: 2}
      propertyPath: m_Color.a
      value: .800000012
      objectReference: {fileID: 0}
    - target: {fileID: 21200012, guid: fa2610561a144d644b01a4169cb3611a, type: 2}
      propertyPath: m_Color.r
      value: 0
      objectReference: {fileID: 0}
    - target: {fileID: 21200012, guid: fa2610561a144d644b01a4169cb3611a, type: 2}
      propertyPath: m_Color.g
      value: .800000012
      objectReference: {fileID: 0}
    - target: {fileID: 21200012, guid: fa2610561a144d644b01a4169cb3611a, type: 2}
      propertyPath: m_Color.b
      value: .800000012
      objectReference: {fileID: 0}
    - target: {fileID: 21200012, guid: fa2610561a144d644b01a4169cb3611a, type: 2}
      propertyPath: m_Color.a
      value: 1
      objectReference: {fileID: 0}
    - target: {fileID: 2000000, guid: fa2610561a144d644b01a4169cb3611a, type: 2}
      propertyPath: m_CullingMask.m_Bits
      value: 4294967295
      objectReference: {fileID: 0}
    - target: {fileID: 2000000, guid: fa2610561a144d644b01a4169cb3611a, type: 2}
      propertyPath: m_BackGroundColor.r
      value: 0
      objectReference: {fileID: 0}
    - target: {fileID: 2000000, guid: fa2610561a144d644b01a4169cb3611a, type: 2}
      propertyPath: m_BackGroundColor.g
      value: 0
      objectReference: {fileID: 0}
    - target: {fileID: 2000000, guid: fa2610561a144d644b01a4169cb3611a, type: 2}
      propertyPath: m_BackGroundColor.b
      value: 0
      objectReference: {fileID: 0}
    - target: {fileID: 400018, guid: fa2610561a144d644b01a4169cb3611a, type: 2}
      propertyPath: m_LocalPosition.y
      value: 29
      objectReference: {fileID: 0}
    - target: {fileID: 400018, guid: fa2610561a144d644b01a4169cb3611a, type: 2}
      propertyPath: m_LocalPosition.x
      value: 23
      objectReference: {fileID: 0}
    m_RemovedComponents: []
  m_ParentPrefab: {fileID: 100100000, guid: fa2610561a144d644b01a4169cb3611a, type: 2}
  m_IsPrefabParent: 0
--- !u!1 &60660222
GameObject:
  m_ObjectHideFlags: 0
  m_PrefabParentObject: {fileID: 135406, guid: c333ed6ef0e63471ca01a17be3f9a810, type: 2}
  m_PrefabInternal: {fileID: 0}
  serializedVersion: 4
  m_Component:
  - 224: {fileID: 60660226}
  - 223: {fileID: 60660225}
  - 114: {fileID: 60660224}
  - 114: {fileID: 60660223}
  m_Layer: 5
  m_Name: MenuCanvas
  m_TagString: Untagged
  m_Icon: {fileID: 0}
  m_NavMeshLayer: 0
  m_StaticEditorFlags: 0
  m_IsActive: 1
--- !u!114 &60660223
MonoBehaviour:
  m_ObjectHideFlags: 0
  m_PrefabParentObject: {fileID: 11410612, guid: c333ed6ef0e63471ca01a17be3f9a810,
    type: 2}
  m_PrefabInternal: {fileID: 0}
  m_GameObject: {fileID: 60660222}
  m_Enabled: 1
  m_EditorHideFlags: 0
  m_Script: {fileID: 1301386320, guid: f5f67c52d1564df4a8936ccd202a3bd8, type: 3}
  m_Name: 
  m_EditorClassIdentifier: 
  m_IgnoreReversedGraphics: 1
  m_BlockingObjects: 0
  m_BlockingMask:
    serializedVersion: 2
    m_Bits: 0
--- !u!114 &60660224
MonoBehaviour:
  m_ObjectHideFlags: 0
  m_PrefabParentObject: {fileID: 11463044, guid: c333ed6ef0e63471ca01a17be3f9a810,
    type: 2}
  m_PrefabInternal: {fileID: 0}
  m_GameObject: {fileID: 60660222}
  m_Enabled: 1
  m_EditorHideFlags: 0
  m_Script: {fileID: 1980459831, guid: f5f67c52d1564df4a8936ccd202a3bd8, type: 3}
  m_Name: 
  m_EditorClassIdentifier: 
  m_UiScaleMode: 0
  m_ReferencePixelsPerUnit: 100
  m_ScaleFactor: 1
  m_ReferenceResolution: {x: 800, y: 600}
  m_ScreenMatchMode: 0
  m_MatchWidthOrHeight: 0
  m_PhysicalUnit: 3
  m_FallbackScreenDPI: 96
  m_DefaultSpriteDPI: 96
  m_DynamicPixelsPerUnit: 1
--- !u!223 &60660225
Canvas:
  m_ObjectHideFlags: 0
  m_PrefabParentObject: {fileID: 22379300, guid: c333ed6ef0e63471ca01a17be3f9a810,
    type: 2}
  m_PrefabInternal: {fileID: 0}
  m_GameObject: {fileID: 60660222}
  m_Enabled: 1
  serializedVersion: 2
  m_RenderMode: 0
  m_Camera: {fileID: 0}
  m_PlaneDistance: 100
  m_PixelPerfect: 0
  m_ReceivesEvents: 1
  m_OverrideSorting: 0
  m_OverridePixelPerfect: 0
  m_SortingLayerID: 0
  m_SortingOrder: 0
--- !u!224 &60660226
RectTransform:
  m_ObjectHideFlags: 0
  m_PrefabParentObject: {fileID: 22451072, guid: c333ed6ef0e63471ca01a17be3f9a810,
    type: 2}
  m_PrefabInternal: {fileID: 0}
  m_GameObject: {fileID: 60660222}
  m_LocalRotation: {x: 0, y: 0, z: 0, w: 1}
  m_LocalPosition: {x: 0, y: 0, z: 0}
  m_LocalScale: {x: 0, y: 0, z: 0}
  m_Children:
  - {fileID: 1853930106}
  m_Father: {fileID: 0}
  m_RootOrder: 7
  m_AnchorMin: {x: 0, y: 0}
  m_AnchorMax: {x: 0, y: 0}
  m_AnchoredPosition: {x: 0, y: 0}
  m_SizeDelta: {x: 0, y: 0}
  m_Pivot: {x: 0, y: 0}
--- !u!1 &142347117
GameObject:
  m_ObjectHideFlags: 0
  m_PrefabParentObject: {fileID: 0}
  m_PrefabInternal: {fileID: 0}
  serializedVersion: 4
  m_Component:
  - 4: {fileID: 142347119}
  - 212: {fileID: 142347118}
  m_Layer: 0
  m_Name: AP.PositionMarker
  m_TagString: Untagged
  m_Icon: {fileID: 0}
  m_NavMeshLayer: 0
  m_StaticEditorFlags: 0
  m_IsActive: 0
--- !u!212 &142347118
SpriteRenderer:
  m_ObjectHideFlags: 0
  m_PrefabParentObject: {fileID: 0}
  m_PrefabInternal: {fileID: 0}
  m_GameObject: {fileID: 142347117}
  m_Enabled: 1
  m_CastShadows: 0
  m_ReceiveShadows: 0
  m_Materials:
  - {fileID: 10754, guid: 0000000000000000e000000000000000, type: 0}
  m_SubsetIndices: 
  m_StaticBatchRoot: {fileID: 0}
  m_UseLightProbes: 0
  m_ReflectionProbeUsage: 0
  m_ProbeAnchor: {fileID: 0}
  m_ScaleInLightmap: 1
  m_PreserveUVs: 0
  m_ImportantGI: 0
  m_AutoUVMaxDistance: .5
  m_AutoUVMaxAngle: 89
  m_LightmapParameters: {fileID: 0}
  m_SortingLayerID: 0
  m_SortingOrder: 0
  m_Sprite: {fileID: 371370638}
  m_Color: {r: 1, g: 1, b: 1, a: 1}
--- !u!4 &142347119
Transform:
  m_ObjectHideFlags: 0
  m_PrefabParentObject: {fileID: 0}
  m_PrefabInternal: {fileID: 0}
  m_GameObject: {fileID: 142347117}
  m_LocalRotation: {x: 0, y: 0, z: 0, w: 1}
  m_LocalPosition: {x: 0, y: 0, z: 0}
  m_LocalScale: {x: .200000003, y: .200000003, z: .200000003}
  m_Children: []
  m_Father: {fileID: 1863710411}
  m_RootOrder: 1
--- !u!1001 &305991868
Prefab:
  m_ObjectHideFlags: 0
  serializedVersion: 2
  m_Modification:
    m_TransformParent: {fileID: 0}
    m_Modifications:
    - target: {fileID: 495698, guid: 5315532e180d7488681f7366d8d70c26, type: 2}
      propertyPath: m_LocalPosition.x
      value: 0
      objectReference: {fileID: 0}
    - target: {fileID: 495698, guid: 5315532e180d7488681f7366d8d70c26, type: 2}
      propertyPath: m_LocalPosition.y
      value: 121.563934
      objectReference: {fileID: 0}
    - target: {fileID: 495698, guid: 5315532e180d7488681f7366d8d70c26, type: 2}
      propertyPath: m_LocalPosition.z
      value: 0
      objectReference: {fileID: 0}
    - target: {fileID: 495698, guid: 5315532e180d7488681f7366d8d70c26, type: 2}
      propertyPath: m_LocalRotation.x
      value: 0
      objectReference: {fileID: 0}
    - target: {fileID: 495698, guid: 5315532e180d7488681f7366d8d70c26, type: 2}
      propertyPath: m_LocalRotation.y
      value: 0
      objectReference: {fileID: 0}
    - target: {fileID: 495698, guid: 5315532e180d7488681f7366d8d70c26, type: 2}
      propertyPath: m_LocalRotation.z
      value: 0
      objectReference: {fileID: 0}
    - target: {fileID: 495698, guid: 5315532e180d7488681f7366d8d70c26, type: 2}
      propertyPath: m_LocalRotation.w
      value: 1
      objectReference: {fileID: 0}
    - target: {fileID: 495698, guid: 5315532e180d7488681f7366d8d70c26, type: 2}
      propertyPath: m_RootOrder
      value: 0
      objectReference: {fileID: 0}
    m_RemovedComponents: []
  m_ParentPrefab: {fileID: 100100000, guid: 5315532e180d7488681f7366d8d70c26, type: 2}
  m_IsPrefabParent: 0
--- !u!213 &371370638
Sprite:
  m_ObjectHideFlags: 0
  m_PrefabParentObject: {fileID: 0}
  m_PrefabInternal: {fileID: 0}
  m_Name: PositionMarker
  m_Rect:
    serializedVersion: 2
    x: 0
    y: 0
    width: 128
    height: 128
  m_Offset: {x: 0, y: 0}
  m_Border: {x: 0, y: 0, z: 0, w: 0}
  m_PixelsToUnits: 100
  m_Extrude: 0
  m_AtlasName: 
  m_PackingTag: 
  m_RD:
    texture: {fileID: 2800000, guid: 12ae6337f3f2c7a40a158edc5c8abd6f, type: 3}
    alphaTexture: {fileID: 0}
    vertices:
    - serializedVersion: 2
      pos: {x: .419999987, y: .620000005, z: 0}
    - serializedVersion: 2
      pos: {x: .639999986, y: -.49000001, z: 0}
    - serializedVersion: 2
      pos: {x: .639999986, y: .409999996, z: 0}
    - serializedVersion: 2
      pos: {x: .349999994, y: -.639999986, z: 0}
    - serializedVersion: 2
      pos: {x: .25999999, y: .639999986, z: 0}
    - serializedVersion: 2
      pos: {x: -.310000002, y: .639999986, z: 0}
    - serializedVersion: 2
      pos: {x: -.519999981, y: .540000021, z: 0}
    - serializedVersion: 2
      pos: {x: -.560000002, y: -.639999986, z: 0}
    - serializedVersion: 2
      pos: {x: -.639999986, y: .430000007, z: 0}
    - serializedVersion: 2
      pos: {x: -.639999986, y: -.370000005, z: 0}
    indices: 090008000700060007000800030007000600050003000600040003000500000003000400010003000000020001000000
    textureRect:
      serializedVersion: 2
      x: 0
      y: 0
      width: 128
      height: 128
    textureRectOffset: {x: 0, y: 0}
    settingsRaw: 64
    uvTransform: {x: 100, y: 64, z: 100, w: 64}
--- !u!1001 &374966342
Prefab:
  m_ObjectHideFlags: 0
  serializedVersion: 2
  m_Modification:
    m_TransformParent: {fileID: 1345188397}
    m_Modifications:
    - target: {fileID: 430008, guid: 11d24cd7591c74d8cad245124d21cc74, type: 2}
      propertyPath: m_LocalPosition.x
      value: 0
      objectReference: {fileID: 0}
    - target: {fileID: 430008, guid: 11d24cd7591c74d8cad245124d21cc74, type: 2}
      propertyPath: m_LocalPosition.y
      value: 0
      objectReference: {fileID: 0}
    - target: {fileID: 430008, guid: 11d24cd7591c74d8cad245124d21cc74, type: 2}
      propertyPath: m_LocalPosition.z
      value: 1000
      objectReference: {fileID: 0}
    - target: {fileID: 430008, guid: 11d24cd7591c74d8cad245124d21cc74, type: 2}
      propertyPath: m_LocalRotation.x
      value: .70710659
      objectReference: {fileID: 0}
    - target: {fileID: 430008, guid: 11d24cd7591c74d8cad245124d21cc74, type: 2}
      propertyPath: m_LocalRotation.y
      value: 0
      objectReference: {fileID: 0}
    - target: {fileID: 430008, guid: 11d24cd7591c74d8cad245124d21cc74, type: 2}
      propertyPath: m_LocalRotation.z
      value: 0
      objectReference: {fileID: 0}
    - target: {fileID: 430008, guid: 11d24cd7591c74d8cad245124d21cc74, type: 2}
      propertyPath: m_LocalRotation.w
      value: -.707106948
      objectReference: {fileID: 0}
    - target: {fileID: 430008, guid: 11d24cd7591c74d8cad245124d21cc74, type: 2}
      propertyPath: m_RootOrder
      value: 0
      objectReference: {fileID: 0}
    - target: {fileID: 19811560, guid: 11d24cd7591c74d8cad245124d21cc74, type: 2}
      propertyPath: InitialModule.startSize.scalar
      value: 3
      objectReference: {fileID: 0}
    - target: {fileID: 19811560, guid: 11d24cd7591c74d8cad245124d21cc74, type: 2}
      propertyPath: ShapeModule.type
      value: 5
      objectReference: {fileID: 0}
    - target: {fileID: 19811560, guid: 11d24cd7591c74d8cad245124d21cc74, type: 2}
      propertyPath: ShapeModule.randomDirection
      value: 1
      objectReference: {fileID: 0}
    - target: {fileID: 19811560, guid: 11d24cd7591c74d8cad245124d21cc74, type: 2}
      propertyPath: VelocityModule.enabled
      value: 1
      objectReference: {fileID: 0}
    - target: {fileID: 19811560, guid: 11d24cd7591c74d8cad245124d21cc74, type: 2}
      propertyPath: VelocityModule.x.scalar
      value: -10
      objectReference: {fileID: 0}
    - target: {fileID: 19811560, guid: 11d24cd7591c74d8cad245124d21cc74, type: 2}
      propertyPath: RotationModule.enabled
      value: 0
      objectReference: {fileID: 0}
    - target: {fileID: 19811560, guid: 11d24cd7591c74d8cad245124d21cc74, type: 2}
      propertyPath: ShapeModule.enabled
      value: 1
      objectReference: {fileID: 0}
    - target: {fileID: 19811560, guid: 11d24cd7591c74d8cad245124d21cc74, type: 2}
      propertyPath: InitialModule.startRotation.scalar
      value: 0
      objectReference: {fileID: 0}
    - target: {fileID: 19809580, guid: 11d24cd7591c74d8cad245124d21cc74, type: 2}
      propertyPath: VelocityModule.enabled
      value: 1
      objectReference: {fileID: 0}
    - target: {fileID: 19809580, guid: 11d24cd7591c74d8cad245124d21cc74, type: 2}
      propertyPath: VelocityModule.x.scalar
      value: -20
      objectReference: {fileID: 0}
    - target: {fileID: 481708, guid: 11d24cd7591c74d8cad245124d21cc74, type: 2}
      propertyPath: m_LocalPosition.z
      value: -8
      objectReference: {fileID: 0}
    - target: {fileID: 19809580, guid: 11d24cd7591c74d8cad245124d21cc74, type: 2}
      propertyPath: SizeModule.enabled
      value: 1
      objectReference: {fileID: 0}
    - target: {fileID: 19809580, guid: 11d24cd7591c74d8cad245124d21cc74, type: 2}
      propertyPath: InitialModule.startSize.scalar
      value: 1
      objectReference: {fileID: 0}
    - target: {fileID: 19809580, guid: 11d24cd7591c74d8cad245124d21cc74, type: 2}
      propertyPath: InitialModule.startRotation.scalar
      value: 0
      objectReference: {fileID: 0}
    - target: {fileID: 19809580, guid: 11d24cd7591c74d8cad245124d21cc74, type: 2}
      propertyPath: ShapeModule.type
      value: 0
      objectReference: {fileID: 0}
    - target: {fileID: 19809580, guid: 11d24cd7591c74d8cad245124d21cc74, type: 2}
      propertyPath: ShapeModule.radius
      value: 20
      objectReference: {fileID: 0}
    - target: {fileID: 19809580, guid: 11d24cd7591c74d8cad245124d21cc74, type: 2}
      propertyPath: SizeModule.curve.maxCurve.m_Curve.Array.data[1].value
      value: .378043413
      objectReference: {fileID: 0}
    - target: {fileID: 19809580, guid: 11d24cd7591c74d8cad245124d21cc74, type: 2}
      propertyPath: SizeModule.curve.maxCurve.m_Curve.Array.data[1].time
      value: .407456636
      objectReference: {fileID: 0}
    - target: {fileID: 19809580, guid: 11d24cd7591c74d8cad245124d21cc74, type: 2}
      propertyPath: SizeModule.curve.maxCurve.m_Curve.Array.data[2].time
      value: .732074857
      objectReference: {fileID: 0}
    - target: {fileID: 19809580, guid: 11d24cd7591c74d8cad245124d21cc74, type: 2}
      propertyPath: SizeModule.curve.maxCurve.m_Curve.Array.data[2].value
      value: .22897613
      objectReference: {fileID: 0}
    - target: {fileID: 481708, guid: 11d24cd7591c74d8cad245124d21cc74, type: 2}
      propertyPath: m_LocalPosition.y
      value: 0
      objectReference: {fileID: 0}
    - target: {fileID: 481708, guid: 11d24cd7591c74d8cad245124d21cc74, type: 2}
      propertyPath: m_LocalPosition.x
      value: -1
      objectReference: {fileID: 0}
    - target: {fileID: 19809580, guid: 11d24cd7591c74d8cad245124d21cc74, type: 2}
      propertyPath: InitialModule.startColor.maxColor.rgba
      value: 3556769791
      objectReference: {fileID: 0}
    - target: {fileID: 19811560, guid: 11d24cd7591c74d8cad245124d21cc74, type: 2}
      propertyPath: ShapeModule.boxZ
      value: 0
      objectReference: {fileID: 0}
    - target: {fileID: 19811560, guid: 11d24cd7591c74d8cad245124d21cc74, type: 2}
      propertyPath: SizeModule.curve.maxCurve.m_Curve.Array.data[1].time
      value: .314773709
      objectReference: {fileID: 0}
    - target: {fileID: 19811560, guid: 11d24cd7591c74d8cad245124d21cc74, type: 2}
      propertyPath: SizeModule.curve.maxCurve.m_Curve.Array.data[1].value
      value: .215881228
      objectReference: {fileID: 0}
    - target: {fileID: 19811560, guid: 11d24cd7591c74d8cad245124d21cc74, type: 2}
      propertyPath: SizeModule.curve.maxCurve.m_Curve.Array.data[2].time
      value: .693050444
      objectReference: {fileID: 0}
    - target: {fileID: 19811560, guid: 11d24cd7591c74d8cad245124d21cc74, type: 2}
      propertyPath: SizeModule.curve.maxCurve.m_Curve.Array.data[2].value
      value: .431678832
      objectReference: {fileID: 0}
    - target: {fileID: 19811560, guid: 11d24cd7591c74d8cad245124d21cc74, type: 2}
      propertyPath: VelocityModule.inWorldSpace
      value: 1
      objectReference: {fileID: 0}
    - target: {fileID: 19809580, guid: 11d24cd7591c74d8cad245124d21cc74, type: 2}
      propertyPath: VelocityModule.inWorldSpace
      value: 1
      objectReference: {fileID: 0}
    - target: {fileID: 19811560, guid: 11d24cd7591c74d8cad245124d21cc74, type: 2}
      propertyPath: ShapeModule.boxX
      value: 1
      objectReference: {fileID: 0}
    - target: {fileID: 19811560, guid: 11d24cd7591c74d8cad245124d21cc74, type: 2}
      propertyPath: ShapeModule.boxY
      value: 1
      objectReference: {fileID: 0}
    - target: {fileID: 19811560, guid: 11d24cd7591c74d8cad245124d21cc74, type: 2}
      propertyPath: InitialModule.startSpeed.scalar
      value: 50
      objectReference: {fileID: 0}
    - target: {fileID: 19809580, guid: 11d24cd7591c74d8cad245124d21cc74, type: 2}
      propertyPath: InitialModule.startSpeed.scalar
      value: 4
      objectReference: {fileID: 0}
    - target: {fileID: 19809580, guid: 11d24cd7591c74d8cad245124d21cc74, type: 2}
      propertyPath: SizeModule.curve.maxCurve.m_Curve.Array.data[0].value
      value: .17567566
      objectReference: {fileID: 0}
    - target: {fileID: 19809580, guid: 11d24cd7591c74d8cad245124d21cc74, type: 2}
      propertyPath: SizeModule.curve.maxCurve.m_Curve.Array.data[0].time
      value: 0
      objectReference: {fileID: 0}
    - target: {fileID: 19809580, guid: 11d24cd7591c74d8cad245124d21cc74, type: 2}
      propertyPath: SizeModule.curve.maxCurve.m_Curve.Array.data[3].value
      value: .08108107
      objectReference: {fileID: 0}
    - target: {fileID: 19809580, guid: 11d24cd7591c74d8cad245124d21cc74, type: 2}
      propertyPath: SizeModule.curve.maxCurve.m_Curve.Array.data[3].time
      value: .980487823
      objectReference: {fileID: 0}
    m_RemovedComponents: []
  m_ParentPrefab: {fileID: 100100000, guid: 11d24cd7591c74d8cad245124d21cc74, type: 2}
  m_IsPrefabParent: 0
--- !u!1 &895125975
GameObject:
  m_ObjectHideFlags: 0
  m_PrefabParentObject: {fileID: 0}
  m_PrefabInternal: {fileID: 0}
  serializedVersion: 4
  m_Component:
  - 4: {fileID: 895125977}
  - 108: {fileID: 895125976}
  m_Layer: 0
  m_Name: Directional light
  m_TagString: Untagged
  m_Icon: {fileID: 0}
  m_NavMeshLayer: 0
  m_StaticEditorFlags: 0
  m_IsActive: 1
--- !u!108 &895125976
Light:
  m_ObjectHideFlags: 0
  m_PrefabParentObject: {fileID: 0}
  m_PrefabInternal: {fileID: 0}
  m_GameObject: {fileID: 895125975}
  m_Enabled: 1
  serializedVersion: 6
  m_Type: 1
  m_Color: {r: 1, g: 1, b: 1, a: 1}
  m_Intensity: 1
  m_Range: 10
  m_SpotAngle: 30
  m_CookieSize: 10
  m_Shadows:
    m_Type: 0
    m_Resolution: -1
    m_Strength: 1
    m_Bias: .0500000007
    m_NormalBias: .400000006
  m_Cookie: {fileID: 0}
  m_DrawHalo: 0
  m_Flare: {fileID: 0}
  m_RenderMode: 0
  m_CullingMask:
    serializedVersion: 2
    m_Bits: 4294967295
  m_Lightmapping: 4
  m_BounceIntensity: 1
  m_ShadowRadius: 0
  m_ShadowAngle: 0
  m_AreaSize: {x: 1, y: 1}
--- !u!4 &895125977
Transform:
  m_ObjectHideFlags: 0
  m_PrefabParentObject: {fileID: 0}
  m_PrefabInternal: {fileID: 0}
  m_GameObject: {fileID: 895125975}
  m_LocalRotation: {x: .408217937, y: -.234569728, z: .109381676, w: .875426054}
  m_LocalPosition: {x: 0, y: 7.10999966, z: 0}
  m_LocalScale: {x: 1, y: 1, z: 1}
  m_Children: []
  m_Father: {fileID: 0}
  m_RootOrder: 6
--- !u!1 &1043674483
GameObject:
  m_ObjectHideFlags: 0
  m_PrefabParentObject: {fileID: 125034, guid: c333ed6ef0e63471ca01a17be3f9a810, type: 2}
  m_PrefabInternal: {fileID: 0}
  serializedVersion: 4
  m_Component:
  - 224: {fileID: 1043674484}
  - 222: {fileID: 1043674486}
  - 114: {fileID: 1043674485}
  m_Layer: 5
  m_Name: Header Bar
  m_TagString: Untagged
  m_Icon: {fileID: 0}
  m_NavMeshLayer: 0
  m_StaticEditorFlags: 0
  m_IsActive: 1
--- !u!224 &1043674484
RectTransform:
  m_ObjectHideFlags: 0
  m_PrefabParentObject: {fileID: 22475974, guid: c333ed6ef0e63471ca01a17be3f9a810,
    type: 2}
  m_PrefabInternal: {fileID: 0}
  m_GameObject: {fileID: 1043674483}
  m_LocalRotation: {x: 0, y: 0, z: 0, w: 1}
  m_LocalPosition: {x: 0, y: 0, z: 0}
  m_LocalScale: {x: 1, y: 1, z: 1}
  m_Children: []
  m_Father: {fileID: 1853930106}
  m_RootOrder: 0
  m_AnchorMin: {x: .5, y: .5}
  m_AnchorMax: {x: .5, y: .5}
  m_AnchoredPosition: {x: 0, y: 0}
  m_SizeDelta: {x: 2000, y: 16}
  m_Pivot: {x: .5, y: .5}
--- !u!114 &1043674485
MonoBehaviour:
  m_ObjectHideFlags: 0
  m_PrefabParentObject: {fileID: 11452162, guid: c333ed6ef0e63471ca01a17be3f9a810,
    type: 2}
  m_PrefabInternal: {fileID: 0}
  m_GameObject: {fileID: 1043674483}
  m_Enabled: 1
  m_EditorHideFlags: 0
  m_Script: {fileID: -765806418, guid: f5f67c52d1564df4a8936ccd202a3bd8, type: 3}
  m_Name: 
  m_EditorClassIdentifier: 
  m_Material: {fileID: 0}
  m_Color: {r: 1, g: 1, b: 1, a: 1}
  m_RaycastTarget: 1
  m_OnCullStateChanged:
    m_PersistentCalls:
      m_Calls: []
    m_TypeName: UnityEngine.UI.MaskableGraphic+CullStateChangedEvent, UnityEngine.UI,
      Version=1.0.0.0, Culture=neutral, PublicKeyToken=null
  m_Sprite: {fileID: 21300000, guid: 7ca9ec94769104d1380e37c4a56d867f, type: 3}
  m_Type: 0
  m_PreserveAspect: 0
  m_FillCenter: 1
  m_FillMethod: 4
  m_FillAmount: 1
  m_FillClockwise: 1
  m_FillOrigin: 0
--- !u!222 &1043674486
CanvasRenderer:
  m_ObjectHideFlags: 0
  m_PrefabParentObject: {fileID: 22241776, guid: c333ed6ef0e63471ca01a17be3f9a810,
    type: 2}
  m_PrefabInternal: {fileID: 0}
  m_GameObject: {fileID: 1043674483}
--- !u!1 &1127590549
GameObject:
  m_ObjectHideFlags: 0
  m_PrefabParentObject: {fileID: 142402, guid: c333ed6ef0e63471ca01a17be3f9a810, type: 2}
  m_PrefabInternal: {fileID: 0}
  serializedVersion: 4
  m_Component:
  - 224: {fileID: 1127590550}
  - 114: {fileID: 1127590554}
  - 114: {fileID: 1127590553}
  - 222: {fileID: 1127590552}
  - 114: {fileID: 1127590551}
  m_Layer: 5
  m_Name: Image
  m_TagString: Untagged
  m_Icon: {fileID: 0}
  m_NavMeshLayer: 0
  m_StaticEditorFlags: 0
  m_IsActive: 1
--- !u!224 &1127590550
RectTransform:
  m_ObjectHideFlags: 0
  m_PrefabParentObject: {fileID: 22440710, guid: c333ed6ef0e63471ca01a17be3f9a810,
    type: 2}
  m_PrefabInternal: {fileID: 0}
  m_GameObject: {fileID: 1127590549}
  m_LocalRotation: {x: 0, y: 0, z: 0, w: 1}
  m_LocalPosition: {x: 0, y: 0, z: 0}
  m_LocalScale: {x: 1, y: 1, z: 1}
  m_Children:
  - {fileID: 1662242246}
  m_Father: {fileID: 1853930106}
  m_RootOrder: 1
  m_AnchorMin: {x: 1, y: 1}
  m_AnchorMax: {x: 1, y: 1}
  m_AnchoredPosition: {x: -39.1999969, y: -7.5999999}
  m_SizeDelta: {x: 40, y: 40}
  m_Pivot: {x: .5, y: .5}
--- !u!114 &1127590551
MonoBehaviour:
  m_ObjectHideFlags: 0
  m_PrefabParentObject: {fileID: 11458210, guid: c333ed6ef0e63471ca01a17be3f9a810,
    type: 2}
  m_PrefabInternal: {fileID: 0}
  m_GameObject: {fileID: 1127590549}
  m_Enabled: 1
  m_EditorHideFlags: 0
  m_Script: {fileID: -765806418, guid: f5f67c52d1564df4a8936ccd202a3bd8, type: 3}
  m_Name: 
  m_EditorClassIdentifier: 
  m_Material: {fileID: 0}
  m_Color: {r: 1, g: 1, b: 1, a: 0}
  m_RaycastTarget: 1
  m_OnCullStateChanged:
    m_PersistentCalls:
      m_Calls: []
    m_TypeName: UnityEngine.UI.MaskableGraphic+CullStateChangedEvent, UnityEngine.UI,
      Version=1.0.0.0, Culture=neutral, PublicKeyToken=null
  m_Sprite: {fileID: 0}
  m_Type: 0
  m_PreserveAspect: 0
  m_FillCenter: 1
  m_FillMethod: 4
  m_FillAmount: 1
  m_FillClockwise: 1
  m_FillOrigin: 0
--- !u!222 &1127590552
CanvasRenderer:
  m_ObjectHideFlags: 0
  m_PrefabParentObject: {fileID: 22283466, guid: c333ed6ef0e63471ca01a17be3f9a810,
    type: 2}
  m_PrefabInternal: {fileID: 0}
  m_GameObject: {fileID: 1127590549}
--- !u!114 &1127590553
MonoBehaviour:
  m_ObjectHideFlags: 0
  m_PrefabParentObject: {fileID: 11420254, guid: c333ed6ef0e63471ca01a17be3f9a810,
    type: 2}
  m_PrefabInternal: {fileID: 0}
  m_GameObject: {fileID: 1127590549}
  m_Enabled: 1
  m_EditorHideFlags: 0
  m_Script: {fileID: 1392445389, guid: f5f67c52d1564df4a8936ccd202a3bd8, type: 3}
  m_Name: 
  m_EditorClassIdentifier: 
  m_Navigation:
    m_Mode: 3
    m_SelectOnUp: {fileID: 0}
    m_SelectOnDown: {fileID: 0}
    m_SelectOnLeft: {fileID: 0}
    m_SelectOnRight: {fileID: 0}
  m_Transition: 1
  m_Colors:
    m_NormalColor: {r: 1, g: 1, b: 1, a: 1}
    m_HighlightedColor: {r: .960784316, g: .960784316, b: .960784316, a: 1}
    m_PressedColor: {r: .784313738, g: .784313738, b: .784313738, a: 1}
    m_DisabledColor: {r: .784313738, g: .784313738, b: .784313738, a: .501960814}
    m_ColorMultiplier: 1
    m_FadeDuration: .100000001
  m_SpriteState:
    m_HighlightedSprite: {fileID: 0}
    m_PressedSprite: {fileID: 0}
    m_DisabledSprite: {fileID: 0}
  m_AnimationTriggers:
    m_NormalTrigger: Normal
    m_HighlightedTrigger: Highlighted
    m_PressedTrigger: Pressed
    m_DisabledTrigger: Disabled
  m_Interactable: 1
  m_TargetGraphic: {fileID: 1662242247}
  m_OnClick:
    m_PersistentCalls:
      m_Calls:
      - m_Target: {fileID: 1127590554}
        m_MethodName: MainMenu
        m_Mode: 1
        m_Arguments:
          m_ObjectArgument: {fileID: 0}
          m_ObjectArgumentAssemblyTypeName: UnityEngine.Object, UnityEngine
          m_IntArgument: 0
          m_FloatArgument: 0
          m_StringArgument: 
          m_BoolArgument: 0
        m_CallState: 2
    m_TypeName: UnityEngine.UI.Button+ButtonClickedEvent, UnityEngine.UI, Version=1.0.0.0,
      Culture=neutral, PublicKeyToken=null
--- !u!114 &1127590554
MonoBehaviour:
  m_ObjectHideFlags: 0
  m_PrefabParentObject: {fileID: 11488000, guid: c333ed6ef0e63471ca01a17be3f9a810,
    type: 2}
  m_PrefabInternal: {fileID: 0}
  m_GameObject: {fileID: 1127590549}
  m_Enabled: 1
  m_EditorHideFlags: 0
  m_Script: {fileID: 11500000, guid: 1a9a0648adf864831ab2c56718b2fb27, type: 3}
  m_Name: 
  m_EditorClassIdentifier: 
--- !u!213 &1314448034
Sprite:
  m_ObjectHideFlags: 0
  m_PrefabParentObject: {fileID: 0}
  m_PrefabInternal: {fileID: 0}
  m_Name: PositionMarker
  m_Rect:
    serializedVersion: 2
    x: 0
    y: 0
    width: 128
    height: 128
  m_Offset: {x: 0, y: 0}
  m_Border: {x: 0, y: 0, z: 0, w: 0}
  m_PixelsToUnits: 100
  m_Extrude: 0
  m_AtlasName: 
  m_PackingTag: 
  m_RD:
    texture: {fileID: 2800000, guid: 12ae6337f3f2c7a40a158edc5c8abd6f, type: 3}
    alphaTexture: {fileID: 0}
    vertices:
    - serializedVersion: 2
      pos: {x: .639999986, y: .349999994, z: 0}
    - serializedVersion: 2
      pos: {x: .379999995, y: -.639999986, z: 0}
    - serializedVersion: 2
      pos: {x: .639999986, y: -.540000021, z: 0}
    - serializedVersion: 2
      pos: {x: .360000014, y: .639999986, z: 0}
    - serializedVersion: 2
      pos: {x: -.400000006, y: .639999986, z: 0}
    - serializedVersion: 2
      pos: {x: -.430000007, y: .629999995, z: 0}
    - serializedVersion: 2
      pos: {x: -.5, y: -.639999986, z: 0}
    - serializedVersion: 2
      pos: {x: -.629999995, y: -.540000021, z: 0}
    - serializedVersion: 2
      pos: {x: -.639999986, y: .400000006, z: 0}
    - serializedVersion: 2
      pos: {x: -.639999986, y: -.430000007, z: 0}
    indices: 090008000700050007000800060007000500010006000500040001000500030001000400000001000300020001000000
    textureRect:
      serializedVersion: 2
      x: 0
      y: 0
      width: 128
      height: 128
    textureRectOffset: {x: 0, y: 0}
    settingsRaw: 64
    uvTransform: {x: 100, y: 64, z: 100, w: 64}
--- !u!4 &1345188397 stripped
Transform:
  m_PrefabParentObject: {fileID: 400018, guid: fa2610561a144d644b01a4169cb3611a, type: 2}
  m_PrefabInternal: {fileID: 25160088}
--- !u!1 &1359480005
GameObject:
  m_ObjectHideFlags: 0
  m_PrefabParentObject: {fileID: 0}
  m_PrefabInternal: {fileID: 0}
  serializedVersion: 4
  m_Component:
  - 4: {fileID: 1359480009}
  - 114: {fileID: 1359480008}
  - 114: {fileID: 1359480007}
  - 114: {fileID: 1359480006}
  m_Layer: 0
  m_Name: EventSystem
  m_TagString: Untagged
  m_Icon: {fileID: 0}
  m_NavMeshLayer: 0
  m_StaticEditorFlags: 0
  m_IsActive: 1
--- !u!114 &1359480006
MonoBehaviour:
  m_ObjectHideFlags: 0
  m_PrefabParentObject: {fileID: 0}
  m_PrefabInternal: {fileID: 0}
  m_GameObject: {fileID: 1359480005}
  m_Enabled: 1
  m_EditorHideFlags: 0
  m_Script: {fileID: 1997211142, guid: f5f67c52d1564df4a8936ccd202a3bd8, type: 3}
  m_Name: 
  m_EditorClassIdentifier: 
  m_ForceModuleActive: 0
--- !u!114 &1359480007
MonoBehaviour:
  m_ObjectHideFlags: 0
  m_PrefabParentObject: {fileID: 0}
  m_PrefabInternal: {fileID: 0}
  m_GameObject: {fileID: 1359480005}
  m_Enabled: 1
  m_EditorHideFlags: 0
  m_Script: {fileID: 1077351063, guid: f5f67c52d1564df4a8936ccd202a3bd8, type: 3}
  m_Name: 
  m_EditorClassIdentifier: 
  m_HorizontalAxis: Horizontal
  m_VerticalAxis: Vertical
  m_SubmitButton: Submit
  m_CancelButton: Cancel
  m_InputActionsPerSecond: 10
  m_RepeatDelay: .5
  m_ForceModuleActive: 0
--- !u!114 &1359480008
MonoBehaviour:
  m_ObjectHideFlags: 0
  m_PrefabParentObject: {fileID: 0}
  m_PrefabInternal: {fileID: 0}
  m_GameObject: {fileID: 1359480005}
  m_Enabled: 1
  m_EditorHideFlags: 0
  m_Script: {fileID: -619905303, guid: f5f67c52d1564df4a8936ccd202a3bd8, type: 3}
  m_Name: 
  m_EditorClassIdentifier: 
  m_FirstSelected: {fileID: 0}
  m_sendNavigationEvents: 1
  m_DragThreshold: 5
--- !u!4 &1359480009
Transform:
  m_ObjectHideFlags: 0
  m_PrefabParentObject: {fileID: 0}
  m_PrefabInternal: {fileID: 0}
  m_GameObject: {fileID: 1359480005}
  m_LocalRotation: {x: 0, y: 0, z: 0, w: 1}
  m_LocalPosition: {x: 0, y: 0, z: 0}
  m_LocalScale: {x: 1, y: 1, z: 1}
  m_Children: []
  m_Father: {fileID: 0}
  m_RootOrder: 3
--- !u!1 &1662242245
GameObject:
  m_ObjectHideFlags: 0
  m_PrefabParentObject: {fileID: 121040, guid: c333ed6ef0e63471ca01a17be3f9a810, type: 2}
  m_PrefabInternal: {fileID: 0}
  serializedVersion: 4
  m_Component:
  - 224: {fileID: 1662242246}
  - 222: {fileID: 1662242248}
  - 114: {fileID: 1662242247}
  m_Layer: 5
  m_Name: Image (1)
  m_TagString: Untagged
  m_Icon: {fileID: 0}
  m_NavMeshLayer: 0
  m_StaticEditorFlags: 0
  m_IsActive: 1
--- !u!224 &1662242246
RectTransform:
  m_ObjectHideFlags: 0
  m_PrefabParentObject: {fileID: 22491030, guid: c333ed6ef0e63471ca01a17be3f9a810,
    type: 2}
  m_PrefabInternal: {fileID: 0}
  m_GameObject: {fileID: 1662242245}
  m_LocalRotation: {x: 0, y: 0, z: 0, w: 1}
  m_LocalPosition: {x: 0, y: 0, z: 0}
  m_LocalScale: {x: 1, y: 1, z: 1}
  m_Children: []
  m_Father: {fileID: 1127590550}
  m_RootOrder: 0
  m_AnchorMin: {x: 1, y: 1}
  m_AnchorMax: {x: 1, y: 1}
  m_AnchoredPosition: {x: -20.000061, y: -19.9999695}
  m_SizeDelta: {x: 16, y: 16}
  m_Pivot: {x: .5, y: .5}
--- !u!114 &1662242247
MonoBehaviour:
  m_ObjectHideFlags: 0
  m_PrefabParentObject: {fileID: 11414226, guid: c333ed6ef0e63471ca01a17be3f9a810,
    type: 2}
  m_PrefabInternal: {fileID: 0}
  m_GameObject: {fileID: 1662242245}
  m_Enabled: 1
  m_EditorHideFlags: 0
  m_Script: {fileID: -765806418, guid: f5f67c52d1564df4a8936ccd202a3bd8, type: 3}
  m_Name: 
  m_EditorClassIdentifier: 
  m_Material: {fileID: 0}
  m_Color: {r: 1, g: 1, b: 1, a: 1}
  m_RaycastTarget: 1
  m_OnCullStateChanged:
    m_PersistentCalls:
      m_Calls: []
    m_TypeName: UnityEngine.UI.MaskableGraphic+CullStateChangedEvent, UnityEngine.UI,
      Version=1.0.0.0, Culture=neutral, PublicKeyToken=null
  m_Sprite: {fileID: 21300000, guid: b60a7e02182e94218af97b520ccfc33e, type: 3}
  m_Type: 0
  m_PreserveAspect: 0
  m_FillCenter: 1
  m_FillMethod: 4
  m_FillAmount: 1
  m_FillClockwise: 1
  m_FillOrigin: 0
--- !u!222 &1662242248
CanvasRenderer:
  m_ObjectHideFlags: 0
  m_PrefabParentObject: {fileID: 22283660, guid: c333ed6ef0e63471ca01a17be3f9a810,
    type: 2}
  m_PrefabInternal: {fileID: 0}
  m_GameObject: {fileID: 1662242245}
--- !u!1 &1738953004
GameObject:
  m_ObjectHideFlags: 0
  m_PrefabParentObject: {fileID: 0}
  m_PrefabInternal: {fileID: 0}
  serializedVersion: 4
  m_Component:
  - 4: {fileID: 1738953006}
  - 114: {fileID: 1738953005}
  m_Layer: 0
  m_Name: SegmentSystem
  m_TagString: Untagged
  m_Icon: {fileID: 0}
  m_NavMeshLayer: 0
  m_StaticEditorFlags: 0
  m_IsActive: 1
--- !u!114 &1738953005
MonoBehaviour:
  m_ObjectHideFlags: 0
  m_PrefabParentObject: {fileID: 0}
  m_PrefabInternal: {fileID: 0}
  m_GameObject: {fileID: 1738953004}
  m_Enabled: 1
  m_EditorHideFlags: 0
  m_Script: {fileID: 11500000, guid: 0299d28c44b6249f2b9e4e20807c5e55, type: 3}
  m_Name: 
  m_EditorClassIdentifier: 
  selectedNode: {fileID: 1863710408}
  segmentName: Seg1
--- !u!4 &1738953006
Transform:
  m_ObjectHideFlags: 0
  m_PrefabParentObject: {fileID: 0}
  m_PrefabInternal: {fileID: 0}
  m_GameObject: {fileID: 1738953004}
  m_LocalRotation: {x: 0, y: 0, z: 0, w: 1}
  m_LocalPosition: {x: -12.5406179, y: 9.11729431, z: 0}
  m_LocalScale: {x: 1, y: 1, z: 1}
  m_Children: []
  m_Father: {fileID: 0}
  m_RootOrder: 4
--- !u!1 &1853930105
GameObject:
  m_ObjectHideFlags: 0
  m_PrefabParentObject: {fileID: 165930, guid: c333ed6ef0e63471ca01a17be3f9a810, type: 2}
  m_PrefabInternal: {fileID: 0}
  serializedVersion: 4
  m_Component:
  - 224: {fileID: 1853930106}
  m_Layer: 5
  m_Name: Header
  m_TagString: Untagged
  m_Icon: {fileID: 0}
  m_NavMeshLayer: 0
  m_StaticEditorFlags: 0
  m_IsActive: 1
--- !u!224 &1853930106
RectTransform:
  m_ObjectHideFlags: 0
  m_PrefabParentObject: {fileID: 22460058, guid: c333ed6ef0e63471ca01a17be3f9a810,
    type: 2}
  m_PrefabInternal: {fileID: 0}
  m_GameObject: {fileID: 1853930105}
  m_LocalRotation: {x: 0, y: 0, z: 0, w: 1}
  m_LocalPosition: {x: 0, y: 0, z: 0}
  m_LocalScale: {x: 1, y: 1, z: 1}
  m_Children:
  - {fileID: 1043674484}
  - {fileID: 1127590550}
  m_Father: {fileID: 60660226}
  m_RootOrder: 0
  m_AnchorMin: {x: 0, y: 1}
  m_AnchorMax: {x: 1, y: 1}
  m_AnchoredPosition: {x: 0, y: -1.30221558}
  m_SizeDelta: {x: 47, y: 16}
  m_Pivot: {x: .5, y: 1}
--- !u!1 &1863710408
GameObject:
  m_ObjectHideFlags: 0
  m_PrefabParentObject: {fileID: 0}
  m_PrefabInternal: {fileID: 0}
  serializedVersion: 4
  m_Component:
  - 4: {fileID: 1863710411}
  - 114: {fileID: 1863710410}
  - 114: {fileID: 1863710409}
  m_Layer: 0
  m_Name: AP.AssetPlacementSystem
  m_TagString: Untagged
  m_Icon: {fileID: 0}
  m_NavMeshLayer: 0
  m_StaticEditorFlags: 0
  m_IsActive: 1
--- !u!114 &1863710409
MonoBehaviour:
  m_ObjectHideFlags: 0
  m_PrefabParentObject: {fileID: 0}
  m_PrefabInternal: {fileID: 0}
  m_GameObject: {fileID: 1863710408}
  m_Enabled: 1
  m_EditorHideFlags: 0
  m_Script: {fileID: 11500000, guid: 0576573f333b243439afe03605e0a25e, type: 3}
  m_Name: 
  m_EditorClassIdentifier: 
  xPosition: -344.150177
  yPosition: 144.577637
  marker: {fileID: 142347117}
  isMarkerActive: 0
--- !u!114 &1863710410
MonoBehaviour:
  m_ObjectHideFlags: 0
  m_PrefabParentObject: {fileID: 0}
  m_PrefabInternal: {fileID: 0}
  m_GameObject: {fileID: 1863710408}
  m_Enabled: 1
  m_EditorHideFlags: 0
  m_Script: {fileID: 11500000, guid: 27a07d4ab6c35474fb4676e02e238682, type: 3}
  m_Name: 
  m_EditorClassIdentifier: 
  shouldResetAssets: 0
  shouldResetHotKeys: 0
  assetList:
  - filePath: Assets/Resources/PlacementAssets/Decor/DemoBird1.prefab
    name: Decor/DemoBird1.prefab
    tab: Decor
    keyCode: 0
    gameObject: {fileID: 100000, guid: 0cf4a75aeb7beb3408abc48686957ff3, type: 2}
    shouldRefresh: 1
  - filePath: Assets/Resources/PlacementAssets/Decor/DemoRocks.prefab
    name: Decor/DemoRocks.prefab
    tab: Decor
    keyCode: 0
    gameObject: {fileID: 100000, guid: 86adc25c83d511344948223f3681c17a, type: 2}
    shouldRefresh: 1
  - filePath: Assets/Resources/PlacementAssets/Floors/Floor_MetalRock1.prefab
    name: Floors/Floor_MetalRock1.prefab
    tab: Floors
    keyCode: 113
    gameObject: {fileID: 100008, guid: f593bbbeae52c904295ffb6c81edb63a, type: 2}
    shouldRefresh: 0
  - filePath: Assets/Resources/PlacementAssets/Floors/Floor_MetalRock2.prefab
    name: Floors/Floor_MetalRock2.prefab
    tab: Floors
    keyCode: 119
    gameObject: {fileID: 100002, guid: aa224eb9643969b4da016bfe5d34a226, type: 2}
    shouldRefresh: 0
  - filePath: Assets/Resources/PlacementAssets/Floors/Floor_Rock.prefab
    name: Floors/Floor_Rock.prefab
    tab: Floors
    keyCode: 101
    gameObject: {fileID: 100016, guid: a330b0354f021344aaec2e91f350f6cd, type: 2}
    shouldRefresh: 0
  - filePath: Assets/Resources/PlacementAssets/Floors/Floor_RockGrateL.prefab
    name: Floors/Floor_RockGrateL.prefab
    tab: Floors
    keyCode: 114
    gameObject: {fileID: 100016, guid: 1e6c8379eaaad324cb3686e95f5a930f, type: 2}
    shouldRefresh: 0
  - filePath: Assets/Resources/PlacementAssets/Floors/Floor_RockGrateR.prefab
    name: Floors/Floor_RockGrateR.prefab
    tab: Floors
    keyCode: 0
    gameObject: {fileID: 100000, guid: 70cf0bacf4e682d4f8162422c27393e7, type: 2}
    shouldRefresh: 0
  - filePath: Assets/Resources/PlacementAssets/Floors/Ramp_MetalRock1.prefab
    name: Floors/Ramp_MetalRock1.prefab
    tab: Floors
    keyCode: 0
    gameObject: {fileID: 100002, guid: 9efe17b9b1e69d04b953c7440d518b18, type: 2}
    shouldRefresh: 0
  - filePath: Assets/Resources/PlacementAssets/Lights/Directional light.prefab
    name: Lights/Directional light.prefab
    tab: Lights
    keyCode: 0
    gameObject: {fileID: 100000, guid: 5841fbbdd5fb5624492a545cb5ec64f5, type: 2}
    shouldRefresh: 1
  - filePath: Assets/Resources/PlacementAssets/Lights/Point light.prefab
    name: Lights/Point light.prefab
    tab: Lights
    keyCode: 0
    gameObject: {fileID: 100000, guid: c248fe0d3a8f66d4bb6b09fc38618c72, type: 2}
    shouldRefresh: 1
  - filePath: Assets/Resources/PlacementAssets/Misc/GameObject.prefab
    name: Misc/GameObject.prefab
    tab: Misc
    keyCode: 0
    gameObject: {fileID: 100000, guid: fe42316db79b69f4aaa0abb2d9fdb9e8, type: 2}
    shouldRefresh: 1
  - filePath: Assets/Resources/PlacementAssets/Misc/Missle.prefab
    name: Misc/Missle.prefab
    tab: Misc
    keyCode: 0
    gameObject: {fileID: 156586, guid: b3620a4fc913f471c8758fd5998ee99e, type: 2}
    shouldRefresh: 1
  - filePath: Assets/Resources/PlacementAssets/Misc/Token.prefab
    name: Misc/Token.prefab
    tab: Misc
    keyCode: 0
    gameObject: {fileID: 100000, guid: f253737b3763ea8418de1f295b065b44, type: 2}
    shouldRefresh: 1
  - filePath: Assets/Resources/PlacementAssets/Sounds/Audio Source.prefab
    name: Sounds/Audio Source.prefab
    tab: Sounds
    keyCode: 0
    gameObject: {fileID: 100000, guid: 2d5a377c93f78eb45ad468b2df7665c2, type: 2}
    shouldRefresh: 1
  tabList:
  - filePath: /Users/Jonathan/Desktop/UGM/GameProject/Assets/Resources/PlacementAssets/Ceilings
    name: Ceilings
    number: 0
    container: {fileID: 0}
  - filePath: /Users/Jonathan/Desktop/UGM/GameProject/Assets/Resources/PlacementAssets/Decor
    name: Decor
    number: 0
    container: {fileID: 0}
  - filePath: /Users/Jonathan/Desktop/UGM/GameProject/Assets/Resources/PlacementAssets/Floors
    name: Floors
    number: 0
    container: {fileID: 0}
  - filePath: /Users/Jonathan/Desktop/UGM/GameProject/Assets/Resources/PlacementAssets/Lights
    name: Lights
    number: 0
    container: {fileID: 0}
  - filePath: /Users/Jonathan/Desktop/UGM/GameProject/Assets/Resources/PlacementAssets/Misc
    name: Misc
    number: 0
    container: {fileID: 0}
  - filePath: /Users/Jonathan/Desktop/UGM/GameProject/Assets/Resources/PlacementAssets/Objects
    name: Objects
    number: 0
    container: {fileID: 0}
  - filePath: /Users/Jonathan/Desktop/UGM/GameProject/Assets/Resources/PlacementAssets/Sounds
    name: Sounds
    number: 0
    container: {fileID: 0}
  - filePath: /Users/Jonathan/Desktop/UGM/GameProject/Assets/Resources/PlacementAssets/Walls
    name: Walls
    number: 0
    container: {fileID: 0}
  tabNames:
  - Ceilings
  - Decor
  - Floors
  - Lights
  - Misc
  - Objects
  - Sounds
  - Walls
  - Ceilings
  - Decor
  - Floors
  - Lights
  - Misc
  - Objects
  - Sounds
  - Walls
  - Ceilings
  - Decor
  - Floors
  - Lights
  - Misc
  - Objects
  - Sounds
  - Walls
  selectedTabIndex: 2
--- !u!4 &1863710411
Transform:
  m_ObjectHideFlags: 0
  m_PrefabParentObject: {fileID: 0}
  m_PrefabInternal: {fileID: 0}
  m_GameObject: {fileID: 1863710408}
  m_LocalRotation: {x: 0, y: 0, z: 0, w: 1}
  m_LocalPosition: {x: 0, y: 0, z: 0}
  m_LocalScale: {x: 1, y: 1, z: 1}
  m_Children:
  - {fileID: 1915352227}
  - {fileID: 142347119}
  m_Father: {fileID: 0}
  m_RootOrder: 5
--- !u!1 &1915352226
GameObject:
  m_ObjectHideFlags: 0
  m_PrefabParentObject: {fileID: 0}
  m_PrefabInternal: {fileID: 0}
  serializedVersion: 4
  m_Component:
  - 4: {fileID: 1915352227}
  - 212: {fileID: 1915352228}
  m_Layer: 0
  m_Name: AP.PositionMarker
  m_TagString: Untagged
  m_Icon: {fileID: 0}
  m_NavMeshLayer: 0
  m_StaticEditorFlags: 0
  m_IsActive: 0
--- !u!4 &1915352227
Transform:
  m_ObjectHideFlags: 0
  m_PrefabParentObject: {fileID: 0}
  m_PrefabInternal: {fileID: 0}
  m_GameObject: {fileID: 1915352226}
  m_LocalRotation: {x: 0, y: 0, z: 0, w: 1}
  m_LocalPosition: {x: -21.6722984, y: 12.6349163, z: 500}
  m_LocalScale: {x: 1, y: 1, z: 1}
  m_Children: []
  m_Father: {fileID: 1863710411}
  m_RootOrder: 0
--- !u!212 &1915352228
SpriteRenderer:
  m_ObjectHideFlags: 0
  m_PrefabParentObject: {fileID: 0}
  m_PrefabInternal: {fileID: 0}
  m_GameObject: {fileID: 1915352226}
  m_Enabled: 1
  m_CastShadows: 0
  m_ReceiveShadows: 0
  m_Materials:
  - {fileID: 10754, guid: 0000000000000000e000000000000000, type: 0}
  m_SubsetIndices: 
  m_StaticBatchRoot: {fileID: 0}
  m_UseLightProbes: 1
  m_ReflectionProbeUsage: 1
  m_ProbeAnchor: {fileID: 0}
  m_ScaleInLightmap: 1
  m_PreserveUVs: 0
  m_ImportantGI: 0
  m_AutoUVMaxDistance: .5
  m_AutoUVMaxAngle: 89
  m_LightmapParameters: {fileID: 0}
  m_SortingLayerID: 0
  m_SortingOrder: 0
  m_Sprite: {fileID: 1314448034}
  m_Color: {r: 1, g: 1, b: 1, a: 1}
--- !u!1001 &2098309975
Prefab:
  m_ObjectHideFlags: 0
  serializedVersion: 2
  m_Modification:
    m_TransformParent: {fileID: 0}
    m_Modifications:
    - target: {fileID: 400002, guid: 5e1f4fcc6849b0b459c8722e748b0bce, type: 2}
      propertyPath: m_LocalPosition.x
      value: -4.80000019
      objectReference: {fileID: 0}
    - target: {fileID: 400002, guid: 5e1f4fcc6849b0b459c8722e748b0bce, type: 2}
      propertyPath: m_LocalPosition.y
      value: 13.8000002
      objectReference: {fileID: 0}
    - target: {fileID: 400002, guid: 5e1f4fcc6849b0b459c8722e748b0bce, type: 2}
      propertyPath: m_LocalPosition.z
      value: 507
      objectReference: {fileID: 0}
    - target: {fileID: 400002, guid: 5e1f4fcc6849b0b459c8722e748b0bce, type: 2}
      propertyPath: m_LocalRotation.x
      value: 0
      objectReference: {fileID: 0}
    - target: {fileID: 400002, guid: 5e1f4fcc6849b0b459c8722e748b0bce, type: 2}
      propertyPath: m_LocalRotation.y
      value: 0
      objectReference: {fileID: 0}
    - target: {fileID: 400002, guid: 5e1f4fcc6849b0b459c8722e748b0bce, type: 2}
      propertyPath: m_LocalRotation.z
      value: 0
      objectReference: {fileID: 0}
    - target: {fileID: 400002, guid: 5e1f4fcc6849b0b459c8722e748b0bce, type: 2}
      propertyPath: m_LocalRotation.w
      value: 1
      objectReference: {fileID: 0}
    - target: {fileID: 400002, guid: 5e1f4fcc6849b0b459c8722e748b0bce, type: 2}
      propertyPath: m_RootOrder
      value: 1
      objectReference: {fileID: 0}
    - target: {fileID: 400000, guid: 5e1f4fcc6849b0b459c8722e748b0bce, type: 2}
      propertyPath: m_LocalPosition.x
      value: 3.13515449
      objectReference: {fileID: 0}
    - target: {fileID: 400000, guid: 5e1f4fcc6849b0b459c8722e748b0bce, type: 2}
      propertyPath: m_LocalPosition.y
      value: 3.03909826
      objectReference: {fileID: 0}
    - target: {fileID: 400000, guid: 5e1f4fcc6849b0b459c8722e748b0bce, type: 2}
      propertyPath: m_LocalPosition.z
      value: -7
      objectReference: {fileID: 0}
    - target: {fileID: 100002, guid: 5e1f4fcc6849b0b459c8722e748b0bce, type: 2}
      propertyPath: m_IsActive
      value: 1
      objectReference: {fileID: 0}
    - target: {fileID: 11400002, guid: 5e1f4fcc6849b0b459c8722e748b0bce, type: 2}
      propertyPath: maxHealth
      value: 1
      objectReference: {fileID: 0}
    m_RemovedComponents: []
  m_ParentPrefab: {fileID: 100100000, guid: 5e1f4fcc6849b0b459c8722e748b0bce, type: 2}
  m_IsPrefabParent: 0
